@inproceedings{Hind08b,
 author = {Hindle,, Abram and German,, Daniel M. and Holt,, Ric},
 title = {What do large commits tell us?: a taxonomical study of large commits},
 booktitle = {MSR '08: Proceedings of the 2008 Intl. working conference on Mining software repositories},
 year = {2008},
 isbn = {978-1-60558-024-1},
 pages = {99--108},
 location = {Leipzig, Germany},
 doi = {10.1145/1370750.1370773},
 publisher = {ACM},
 address = {New York, NY, USA}
}

@inproceedings{Kagd09a,
 author	= {Huzefa Kagdi and Denys Poshyvanyk},
 title	= {Who Can Help Me with this Change Request?},
 booktitle	= {ICPC '09: Proceedings of the 17th International Conference on Program Comprehension},
 publisher	= {IEEE Computer Society},
 year	= {2009},
 month	= may,
 pages	= {273--277},
 location	= {Vancouver, Canada},
}

@inproceedings{Bays09a,
 author	= {Olga Baysal and Michael W. Godfrey and Robin Cohen},
 title	= {A Bug You Like: A Framework for Automated Assignment of Bugs},
 booktitle	= {ICPC '09: Proceedings of the 17th International Conference on Program Comprehension},
 publisher	= {IEEE Computer Society},
 year	= {2009},
 month	= may,
 pages	= {297--298},
 location	= {Vancouver, Canada},
}

