% To appear
@article{xgvis_jcgs2002,
    author = "Andreas Buja and Deborah F. Swayne and Michael L. Littman
              and  Nathaniel Dean and Heike Hofmann",
    title = "{XG}vis: Interactive Data Visualization with
            Multidimensional Scaling",
    year = "2002 (to appear)",
    journal = "Journal of Computational and Graphical Statistics"
}
